@book{perepelkin2009,
    author = {Перепелкин К. Е.},
    title = {Армирующие волокна и волокнистые полимерные композиты},
    publisher = {М.: Научные основы и технологии},
    year = {2009},
}

@book{mikhailin2013,
    author = {Михайлин Ю. В.},
    title = {Волокнистые полимерные композиционные материалы в технике},
    publisher = {СПб.: Научные основы и технологии},
    year = {2013},
}

@book{papkov1986,
    author = {Папков С. П.},
    title = {Полимерные волокнистые материалы},
    publisher = {М.: Химия},
    year = {1986},
}

@book{buzov2004,
    author = {Бузов Б.А., Алыменкова Н.Д.},
    title = {Материаловедение в производстве изделий лёгкой промышленности (швейное производство).},
    publisher = {М.: Академия},
    year = {2004},
}

@book{kobylkin2014,
    author = {Кобылкин И.Ф., Селиванов В.В.},
    title = {Материалы и структуры легкой бронезащиты.},
    publisher = {М.: МГТУ им. Н. Э. Баумана},
    year = {2014},
}

@book{rakhmatulin,
    author = {Рахматулин Х. А. Шемякин Е. И. Демьянов Ю. А. Звягин А. В.},
    title = {Прочность и разрушение при кратковременных нагрузках},
    publisher = {М.: Логос},
    year = {2008},
}

@article{kharchenko,
    author = {Харченко Е. Ф.},
    title = {Новые представления о механизме взаимодействия текстильных материалов с пулями и осколками при проектировании высокоэффективных бронематериалов},
    journal = {Вопросы оборонной техники},
    year = {2004},
}

@article{monaghanSPH,
    author = {Monaghan J.J},
    title = {SPH and Riemann Solvers},
    journal = {J. Comp. Phys},
    year = {1997},
}

@book{bkhatnagar,
    author = {Бхатнагар А.},
    title = {Легкие баллистические материалы.},
    publisher = {Москва: Техносфера},
    year = {2011},
}

@conference{walker1999,
    author = {Walker J.D.},
    title = {Constitutive Model for Fabrics with Explicit Static Solution and Ballistic Limit.},
    booktitle = {Proceedings of the Eighteenth International Symposium on Ballistics},
    year = {1999},
}

@conference{walker2001,
    author = {Walker J.D.},
    title = {Ballistic Limit of Fabrics with Resin},
    booktitle = {Proceedings of the Nineteenth International Symposium on Ballistics},
    year = {2001},
}

@article{porval,
    author = {Porval P.K., Phoenix S.L.},
    title = {Modeling System Effects in Ballistic Impact into Multi-Layered Fibrous Materials for Soft Body armor},
    journal = {Intern. Journal of Fracture},
    year = {2005},
}